<?xml version="1.0" encoding="UTF-8"?><collection xmlns="http://www.loc.gov/MARC21/slim"><record><leader>00594nam--2200181-u-4500</leader><controlfield tag="001">000056756</controlfield><controlfield tag="002">20190620</controlfield><controlfield tag="005">20190620041518</controlfield><controlfield tag="008">190620s1000------------r-----000-0-eng-d</controlfield><datafield ind1=" " ind2=" " tag="040"><subfield code="a">IFIN HH</subfield></datafield><datafield ind1=" " ind2=" " tag="041"><subfield code="a">eng</subfield></datafield><datafield ind1="1" ind2=" " tag="100"><subfield code="a">European Joint Committee on Plasma and Ion Surface Engineering</subfield></datafield><datafield ind1="1" ind2="0" tag="245"><subfield code="a">Ninth International Conference on Plasma Surface Engineering</subfield><subfield code="c">European Joint Committee on Plasma and Ion Surface Engineering (org.)</subfield></datafield><datafield ind1=" " ind2=" " tag="260"><subfield code="a">Garmisch-Parenkirchen</subfield><subfield code="c">2004</subfield></datafield><datafield ind1=" " ind2=" " tag="300"><subfield code="a">558 p</subfield></datafield><datafield ind1=" " ind2=" " tag="500"><subfield code="a">Donatie Gheorghe Dinescu</subfield></datafield><datafield ind1=" " ind2=" " tag="852"><subfield code="a">82737</subfield><subfield code="c">061.3</subfield></datafield><datafield ind1=" " ind2=" " tag="CAT"><subfield code="a">SYS</subfield><subfield code="c">20190620</subfield><subfield code="h">041518</subfield></datafield></record></collection>